@book{tanenboum2003raspr,
  title={Распределенные системы. Принципы и парадигмы},
  author={Таненбаум, Эндрю and Стеен, М},
  year={2003},
  publisher={Питер М. и др.}
}

@article{shokin1998raspr,
  title={Распределенные информационные системы},
  author={Шокин, ЮИ and Федотов, АМ},
  journal={Вычислительные технологии},
  volume={3},
  number={5},
  pages={79--93},
  year={1998}
}

@inproceedings{wang2010distributed,
  title={Distributed systems meet economics: pricing in the cloud},
  author={Wang, Hongyi and Jing, Qingfeng and Chen, Rishan and He, Bingsheng and Qian, Zhengping and Zhou, Lidong},
  booktitle={Proceedings of the 2nd USENIX conference on Hot topics in cloud computing},
  pages={6--6},
  year={2010},
  organization={USENIX Association}
}

@book{coulouris2005distributed,
  title={Distributed systems: concepts and design},
  author={Coulouris, George F and Dollimore, Jean and Kindberg, Tim},
  year={2005},
  publisher={pearson education}
}

@book{ghosh2014distributed,
  title={Distributed systems: an algorithmic approach},
  author={Ghosh, Sukumar},
  year={2014},
  publisher={CRC press}
}

@book{shirazi1995scheduling,
  title={Scheduling and load balancing in parallel and distributed systems},
  author={Shirazi, Behrooz A and Kavi, Krishna M and Hurson, Ali R},
  year={1995},
  publisher={IEEE Computer Society Press}
}

@book{jalote1994fault,
  title={Fault tolerance in distributed systems},
  author={Jalote, Pankaj and Jalote, P},
  year={1994},
  publisher={PTR Prentice Hall Englewood Cliffs}
}

@article{chen2011parallel,
  title={Parallel spectral clustering in distributed systems},
  author={Chen, Wen-Yen and Song, Yangqiu and Bai, Hongjie and Lin, Chih-Jen and Chang, Edward Y},
  journal={Pattern Analysis and Machine Intelligence, IEEE Transactions on},
  volume={33},
  number={3},
  pages={568--586},
  year={2011},
  publisher={IEEE}
}

@book{keegan1996foundations,
  title={Foundations of distance education},
  author={Keegan, Desmond},
  year={1996},
  publisher={Psychology Press}
}

@article{mojaeva2000edu,
  title={Учебный процесс в системе дистанционного образования},
  author={Можаева, ГВ},
  journal={Открытое и дистанционное образование},
  number={1},
  pages={11--17},
  year={2000}
}

@article{azinadistance,
  title={Дистанционное обучение. Достоинства и недостатки},
  author={Айзина, ЮА and Бронникова, НА},
  journal={Материалы}
}

@inproceedings{rad2005create,
  title={Создание программных приложений для проведения коллективных аудио/видео конференций в системе дистанционного обучения с использованием технологий четвертого поколения},
  author={Радченко, ИМ and Подольский, ВЕ},
  booktitle={Телематика-2005: Тр. XII Всерос. науч.-метод. конф. СПб},
  volume={2},
  pages={523--525},
  year={2005}
}

@article{kalmikov2009learning,
  title={E-learning как инструмент медиаобразования},
  author={КАЛМЫКОВ, АЛЕКСАНДР АЛЬБЕРТОВИЧ},
  journal={Высшее образование в России},
  number={10},
  year={2009},
  publisher={Государственное образовательное учреждение высшего профессионального образования" Московский государственный университет печати"}
}

@phdthesis{korneeva2007state,
  title={Состояние и тенденции развития дистанционного образования на примере российских вузов},
  author={Корнеева, Наталия Александровна},
  year={2007},
  school={Диссертация... канд. социологических наук: 22.00. 08—М.—2007.—219 с}
}


@article{allen2010class,
  title={Class Differences: Online Education in the United States, 2010.},
  author={Allen, I Elaine and Seaman, Jeff},
  journal={Sloan Consortium (NJ1)},
  year={2010},
  publisher={ERIC}
}

@book{schlosser2009distance,
  title={Distance education: definitions and glossary of terms},
  author={Schlosser, Lee Ayers and Simonson, Michael R},
  year={2009},
  publisher={IAP}
}

@book{moore2011distance,
  title={Distance education: A systems view of online learning},
  author={Moore, Michael G and Kearsley, Greg},
  year={2011},
  publisher={Cengage Learning}
}

@article{levin2005system,
  title={Система дистанционного обучения},
  author={Левин, ВИ},
  journal={Искусственный интеллект},
  number={3},
  pages={500--504},
  year={2005}
}

@article{mur2005intro,
  title={Введение в технологию экспертных систем},
  author={Муромцев, ДИ},
  journal={СПб: СПб ГУ ИТМО},
  year={2005}
}

@book{gavrilova2000db,
  title={Базы знаний интеллектуальных систем},
  author={Гаврилова, ТА and Хорошевский, ВФ},
  year={2000},
  publisher={Питер СПб. и др.}
}

@article{berners2001semantic,
  title={The semantic web},
  author={Berners-Lee, Tim and Hendler, James and Lassila, Ora and others},
  journal={Scientific american},
  volume={284},
  number={5},
  pages={28--37},
  year={2001},
  publisher={New York, NY, USA:}
}

@article{shadbolt2006semantic,
  title={The semantic web revisited},
  author={Shadbolt, Nigel and Hall, Wendy and Berners-Lee, Tim},
  journal={Intelligent Systems, IEEE},
  volume={21},
  number={3},
  pages={96--101},
  year={2006},
  publisher={IEEE}
}

@article{hendler2003science,
  title={Science and the semantic web},
  author={Hendler, James},
  journal={Science},
  volume={299},
  number={5606},
  pages={520},
  year={2003}
}

@book{poole2008semantic,
  title={Semantic science: Ontologies, data and probabilistic theories},
  author={Poole, David and Smyth, Clinton and Sharma, Rita},
  year={2008},
  publisher={Springer}
}

@inproceedings{wang2004ontology,
  title={Ontology based context modeling and reasoning using OWL},
  author={Wang, Xiao Hang and Zhang, Da Qing and Gu, Tao and Pung, Hung Keng},
  booktitle={Pervasive Computing and Communications Workshops, 2004. Proceedings of the Second IEEE Annual Conference on},
  pages={18--22},
  year={2004},
  organization={Ieee}
}

@article{masud2012learning,
  title={An e-learning system architecture based on cloud computing},
  author={Masud, Md Anwar Hossain and Huang, Xiaodi},
  journal={system},
  volume={10},
  number={11},
  year={2012},
  publisher={Citeseer}
}

@inproceedings{masud2012novel,
  title={A novel approach for adopting cloud-based e-learning system},
  author={Masud, MD Anwar Hossain and Huang, Xiaodi},
  booktitle={Computer and Information Science (ICIS), 2012 IEEE/ACIS 11th International Conference on},
  pages={37--42},
  year={2012},
  organization={IEEE}
}

@article{dabbagh2012personal,
  title={Personal Learning Environments, social media, and self-regulated learning: A natural formula for connecting formal and informal learning},
  author={Dabbagh, Nada and Kitsantas, Anastasia},
  journal={The Internet and higher education},
  volume={15},
  number={1},
  pages={3--8},
  year={2012},
  publisher={Elsevier}
}

@article{monahova2013multi,
  title={Мультимодальные технологии в учебном процессе высшей школы},
  author={МОНАХОВА, ГАЛИНА АНАТОЛЬЕВНА and МОНАХОВ, ДАНИЛА НИКИТИЧ},
  journal={Теория и практика общественного развития},
  number={11},
  year={2013},
  publisher={Общество с ограниченной ответственностью {\guillemotleft}Издательский дом {\guillemotleft}ХОРС{\guillemotright}}
}

@inproceedings{hu2013revised,
  title={A Revised Model of Collaborative eLearning Course Design and Development},
  author={Hu, Deyu and Baab, Lujean},
  booktitle={World Conference on E-Learning in Corporate, Government, Healthcare, and Higher Education},
  volume={2013},
  number={1},
  pages={1167--1170},
  year={2013}
}

@article{gaeta2011ontology,
  title={Ontology extraction for knowledge reuse: The e-learning perspective},
  author={Gaeta, Matteo and Orciuoli, Francesco and Paolozzi, Stefano and Salerno, Saverio},
  journal={Systems, Man and Cybernetics, Part A: Systems and Humans, IEEE Transactions on},
  volume={41},
  number={4},
  pages={798--809},
  year={2011},
  publisher={IEEE}
}

@article{wilson2004role,
  title={The role of ontologies in teaching and learning},
  author={Wilson, Ruth},
  journal={TechWatch Reports},
  year={2004},
  publisher={Citeseer}
}

@misc{styles2008academic,
  title={Academic institution internal structure ontology (aiiso)},
  author={Styles, Rob and Shabir, Nadeem},
  year={2008},
  publisher={Academic Institution Internal Structure Ontology (AIISO)}
}

@article{henze2004reasoning,
  title={Reasoning and Ontologies for Personalized E-Learning in the Semantic Web.},
  author={Henze, Nicola and Dolog, Peter and Nejdl, Wolfgang},
  journal={Educational Technology \& Society},
  volume={7},
  number={4},
  pages={82--97},
  year={2004}
}

@article{moller2010learning,
  title={Learning from linked open data usage: Patterns \& metrics},
  author={M{\"o}ller, Knud and Hausenblas, Michael and Cyganiak, Richard and Handschuh, Siegfried},
  year={2010}
}

@misc{nilsson2001semantic,
  title={The semantic web: How RDF will change learning technology standards},
  author={Nilsson, Mikael},
  year={2001}
}

@inproceedings{bouzeghoub2004rdf,
  title={A RDF description model for manipulating learning objects},
  author={Bouzeghoub, Amel and Defude, Bruno and Ammour, Salah and Duitama, J-F and Lecocq, Claire},
  booktitle={Advanced Learning Technologies, 2004. Proceedings. IEEE International Conference on},
  pages={81--85},
  year={2004},
  organization={IEEE}
}

@inproceedings{bansal2012role,
  title={Role Of RDF In Distributed Learning Environment},
  author={Bansal, Ritika and Chawla, Sonal},
  booktitle={International Journal of Engineering Research and Technology},
  volume={1},
  number={10 (December-2012)},
  year={2012},
  organization={ESRSA Publications}
}

@inproceedings{mohan2003learning,
  title={Learning objects on the semantic web},
  author={Mohan, Permanand and Brooks, Christopher},
  booktitle={Advanced Learning Technologies, 2003. Proceedings. The 3rd IEEE International Conference on},
  pages={195--199},
  year={2003},
  organization={IEEE}
}

@inproceedings{nilsson2002semantic,
  title={Semantic Web Meta-data for e-Learning: Some Architectural Guidelines},
  author={Nilsson, Mikael and Palm{\'e}r, Matthias},
  booktitle={Proceedings of the 11th World Wide Web Conference (WWW2002), Hawaii, USA, 2002},
  year={2002}
}

@article{koper2004use,
  title={Use of the Semantic Web to Solve Some Basic Problems in Education: Increase flexible, distributed lifelong learning; decrease teacher's workload},
  author={Koper, Rob},
  journal={Journal of Interactive Media in Education},
  volume={2004},
  number={1},
  pages={Art--5},
  year={2004}
}

@article{aroyo2004new,
  title={The New Challenges for E-learning: The Educational Semantic Web.},
  author={Aroyo, Lora and Dicheva, Darina},
  journal={Educational Technology \& Society},
  volume={7},
  number={4},
  pages={59--69},
  year={2004}
}

@inproceedings{puustjarvi2004integrating,
  title={Integrating E-Learning Systems},
  author={Puustj{\"a}rvi, Juha},
  booktitle={the Proc. of the International Conference on Web\_Based Education (WBE2004)},
  year={2004}
}

@article{white2013conceptual,
  title={Conceptual Structures for STEM Data: Linked, Open, Rich and Personal},
  author={White, Su},
  journal={Conceptual Structures for STEM Research and Education},
  pages={1},
  year={2013},
  publisher={Springer}
}

@article{masie2012connecting,
  title={Connecting Two Worlds: Collaboration between Higher Education and Corporate Learning.},
  author={Masie, Elliott},
  journal={Educause Review},
  volume={47},
  number={2},
  pages={n2},
  year={2012},
  publisher={ERIC}
}

@article{oblinger2010campus,
  title={From the Campus to the Future.},
  author={Oblinger, Diana G},
  journal={Educause Review},
  volume={45},
  number={1},
  pages={42},
  year={2010},
  publisher={ERIC}
}


@article{kollesnicov2014aprch,
  title={Подходы и технология обучения МООС},
  author={Колесников, СИ and Долженко, ЛМ},
  journal={Современные технологии профессионального образования: про},
  pages={16},
  year={2014}
}

@article{mcauley2010mooc,
  title={The MOOC model for digital practice},
  author={McAuley, Alexander and Stewart, Bonnie and Siemens, George and Cormier, Dave},
  year={2010}
}

@article{pappano2012year,
  title={The Year of the MOOC},
  author={Pappano, Laura},
  journal={The New York Times},
  volume={2},
  number={12},
  pages={2012},
  year={2012}
}

@article{knox2012mooc,
  title={MOOC Pedagogy: the challenges of developing for Coursera},
  author={Knox, Jeremy and Bayne, Si{\^a}n and MacLeod, Hamish and Ross, Jen and Sinclair, Christine},
  journal={Recuperado el},
  volume={1},
  year={2012}
}

@article{breslow2013studying,
  title={Studying learning in the worldwide classroom: Research into edX’s first MOOC},
  author={Breslow, Lori and Pritchard, David E and DeBoer, Jennifer and Stump, Glenda S and Ho, Andrew D and Seaton, Daniel T},
  journal={Research \& Practice in Assessment},
  volume={8},
  number={1},
  pages={13--25},
  year={2013}
}

@article{salmon2012udacity,
  title={Udacity and the future of online universities},
  author={Salmon, Felix},
  journal={Reuters Blogs-Felix Salmon. Retrieved from http://blogs. reuters. com/felix-salmon/2012/01/23/udacity-and-the-future-of-online-universities},
  year={2012}
}

@article{nilova2014mooc,
  title={Массовые открытые онлайн курсы в образовательном процессе университета},
  author={Нилова, Светлана Владимировна},
  journal={Образовательные технологии и общество},
  volume={17},
  number={2},
  year={2014},
  publisher={Федеральное государственное бюджетное образовательное учреждение высшего профессионального образования {\guillemotleft}Казанский национальный исследовательский технологический университет{\guillemotright}}
}

@inproceedings{parmar2012paper,
  title={Paper Review on Sharable Content Object Reference Model (SCORM): Framework for E-learning Standard},
  author={Parmar, Akanksha},
  booktitle={Advanced Computing \& Communication Technologies (ACCT), 2012 Second International Conference on},
  pages={409--411},
  year={2012},
  organization={IEEE}
}

@inproceedings{qu2002towards,
  title={Towards interoperability and reusability of learning resources: A SCORM-conformant courseware for computer science education},
  author={Qu, Changtao and Nejdl, Wolfgang},
  booktitle={Proc. of the 2nd IEEE International Conference on Advanced Learning Technologies (IEEE ICALT 2002), Kazan, Tatarstan, Russia},
  year={2002}
}

@inproceedings{bohl2002sharable,
  title={The sharable content object reference model (SCORM)-a critical review},
  author={Bohl, Oliver and Scheuhase, J{\"o}rg and Sengler, Ruth and Winand, Udo},
  booktitle={Computers in education, 2002. proceedings. international conference on},
  pages={950--951},
  year={2002},
  organization={IEEE}
}


@inproceedings{poltrack2012next,
  title={The next generation of scorm: Innovation for the global force},
  author={Poltrack, Jonathan and Hruska, Nikolaus and Johnson, Andy and Haag, Jason},
  booktitle={The Interservice/Industry Training, Simulation \& Education Conference (I/ITSEC)},
  volume={2012},
  number={1},
  year={2012}
}

@inproceedings{regan2013training,
  title={The Training and Learning Architecture: Infrastructure for the Future of Learning},
  author={Regan, Damon},
  booktitle={XV Simposio Internacional de Tecnolog{\'\i}as de la Informaci{\'o}n y las Comunicaciones en la Educaci{\'o}n (SINTICE 2013). ISBN},
  pages={978--84},
  year={2013}
}

@inproceedings{del2013learning,
  title={E-Learning standards and learning analytics. Can data collection be improved by using standard data models?},
  author={del Blanco, A and Serrano, A and Freire, Manuel and Mart{\'\i}nez-Ortiz, Iv{\'a}n and Fern{\'a}ndez-Manj{\'o}n, Baltasar},
  booktitle={Global Engineering Education Conference (EDUCON), 2013 IEEE},
  pages={1255--1261},
  year={2013},
  organization={IEEE}
}

@article{ivannicov2003common,
  title={Основные положения концепции создания системы образовательных порталов},
  author={Иванников, АД and Тихонов, АН},
  journal={Интернет-порталы: содержание и технологии: Сб. науч. ст. Вып},
  volume={1},
  year={2003}
}

@article{solov2006ontology,
  title={Онтологии и тезаурусы},
  author={Соловьев, ВД and Добров, БВ and Иванов, ВВ and Лукашевич, НВ},
  journal={Электронная книга},
  year={2006}
}

@article{lapshin2010ontology,
  title={Онтологии в компьютерных системах},
  author={Лапшин, ВА},
  journal={М.: Научный мир},
  year={2010}
}

@article{shumski2010preobraz,
  title={Преобразование данных в формате RDF на основе веб-онтологий},
  author={Шумский, ЛД and Шапкин, ПА},
  journal={Аппликативные вычислительные системы: Труды},
  pages={195--204},
  year={2010}
}

@book{suarez2012ontology,
  title={Ontology engineering in a networked world},
  author={Su{\'a}rez-Figueroa, Mari Carmen and G{\'o}mez-P{\'e}rez, Asunci{\'o}n and Motta, Enrico and Gangemi, Aldo},
  year={2012},
  publisher={Springer Science \& Business Media}
}

@book{tasso2014topics,
  title={Topics in expert system design: methodologies and tools},
  author={Tasso, Carlo and Guida, Giovanni},
  volume={1},
  year={2014},
  publisher={Elsevier}
}

@article{gav2001sys,
  title={Системы искусственного интеллекта},
  author={Гаврилов, АВ},
  journal={Новосибирск: изд. НГТУ},
  volume={4},
  year={2001}
}

@article{steyvers2005large,
  title={The Large-scale structure of semantic networks: Statistical analyses and a model of semantic growth},
  author={Steyvers, Mark and Tenenbaum, Joshua B},
  journal={Cognitive science},
  volume={29},
  number={1},
  pages={41--78},
  year={2005},
  publisher={Wiley Online Library}
}

@article{klyne2006resource,
  title={Resource description framework (RDF): Concepts and abstract syntax},
  author={Klyne, Graham and Carroll, Jeremy J},
  year={2006}
}

@article{beckett2004rdf,
  title={RDF/XML syntax specification (revised)},
  author={Beckett, Dave and McBride, Brian},
  journal={W3C recommendation},
  volume={10},
  year={2004}
}

@article{decker2000semantic,
  title={The semantic web: The roles of XML and RDF},
  author={Decker, Stefan and Melnik, Sergey and Van Harmelen, Frank and Fensel, Dieter and Klein, Michel and Broekstra, Jeen and Erdmann, Michael and Horrocks, Ian},
  journal={Internet Computing, IEEE},
  volume={4},
  number={5},
  pages={63--73},
  year={2000},
  publisher={IEEE}
}

@article{aghaei2012evolution,
  title={Evolution of the world wide web: from Web 1.0 to Web 4.0},
  author={Aghaei, Sareh and Nematbakhsh, Mohammad Ali and Farsani, Hadi Khosravi},
  journal={International Journal of Web \& Semantic Technology},
  volume={3},
  number={1},
  pages={1--10},
  year={2012},
  publisher={Academy \& Industry Research Collaboration Center (AIRCC)}
}

@incollection{lassila2002taking,
  title={Taking the RDF model theory out for a spin},
  author={Lassila, Ora},
  booktitle={The Semantic Web—ISWC 2002},
  pages={307--317},
  year={2002},
  publisher={Springer}
}

@article{beckett2014rdf,
  title={RDF 1.1 Turtle--Terse RDF Triple Language},
  author={Beckett, David and Berners-Lee, Tim and Prud’hommeaux, Eric and Carothers, Gavin},
  journal={W3C Rec.(February 2014)},
  year={2014}
}

@article{brickley2000resource,
  title={Resource Description Framework (RDF) Schema Specification 1.0: W3C Candidate Recommendation 27 March 2000},
  author={Brickley, Dan and Guha, Ramanathan V},
  year={2000}
}

@inproceedings{nejdl2000rdf,
  title={The RDF schema specification revisited},
  author={Nejdl, Wolfgang and Wolpers, Martin and Capelle, Christian},
  booktitle={Workshop Modellierung 2000},
  year={2000}
}

@article{bobillo2011fuzzy,
  title={Fuzzy ontology representation using OWL 2},
  author={Bobillo, Fernando and Straccia, Umberto},
  journal={International Journal of Approximate Reasoning},
  volume={52},
  number={7},
  pages={1073--1094},
  year={2011},
  publisher={Elsevier}
}

@article{trofim2011evo,
  title={Эволюция выразительных способностей языка OWL},
  author={Трофимов, Игорь Владимирович},
  journal={Программные системы: теория и приложения: электрон. науч. журн.[Электронный ресурс]},
  number={4},
  pages={8},
  year={2011}
}

@article{mcguinness2004owl,
  title={OWL web ontology language overview},
  author={McGuinness, Deborah L and Van Harmelen, Frank and others},
  journal={W3C recommendation},
  volume={10},
  number={10},
  pages={2004},
  year={2004}
}

@article{world2012owl,
  title={OWL 2 web ontology language document overview},
  author={World Wide Web Consortium and others},
  year={2012},
  publisher={Word Wide Web Consortium}
}

@article{golbreich2009owl,
  title={OWL 2 Web Ontology Language: new features and rationale},
  author={Golbreich, Christine and Wallace, Evan K and Patel-Schneider, PF},
  journal={W3C working draft, W3C (June 2009) http://www. w3. org/TR/2009/WD-owl2-new-features-20090611},
  year={2009}
}

@incollection{deng2007measuring,
  title={Measuring inconsistencies in ontologies},
  author={Deng, Xi and Haarslev, Volker and Shiri, Nematollaah},
  booktitle={The Semantic Web: Research and Applications},
  pages={326--340},
  year={2007},
  publisher={Springer}
}

@article{prud2008sparql,
  title={SPARQL query language for RDF},
  author={Prud’Hommeaux, Eric and Seaborne, Andy and others},
  journal={W3C recommendation},
  volume={15},
  year={2008}
}


@article{perez2009semantics,
  title={Semantics and complexity of SPARQL},
  author={P{\'e}rez, Jorge and Arenas, Marcelo and Gutierrez, Claudio},
  journal={ACM Transactions on Database Systems (TODS)},
  volume={34},
  number={3},
  pages={16},
  year={2009},
  publisher={ACM}
}

@book{quilitz2008querying,
  title={Querying distributed RDF data sources with SPARQL},
  author={Quilitz, Bastian and Leser, Ulf},
  year={2008},
  publisher={Springer}
}

@article{heath2011linked,
  title={Linked data: Evolving the web into a global data space},
  author={Heath, Tom and Bizer, Christian},
  journal={Synthesis lectures on the semantic web: theory and technology},
  volume={1},
  number={1},
  pages={1--136},
  year={2011},
  publisher={Morgan \& Claypool Publishers}
}

@article{bizer2009linked,
  title={Linked data-the story so far},
  author={Bizer, Christian and Heath, Tom and Berners-Lee, Tim},
  journal={Semantic Services, Interoperability and Web Applications: Emerging Concepts},
  pages={205--227},
  year={2009}
}

@inproceedings{bizer2008linked,
  title={Linked data: Principles and state of the art},
  author={Bizer, Christian and Heath, Tom and Berners-Lee, Tim},
  booktitle={World Wide Web Conference},
  year={2008}
}


@INPROCEEDINGS{ malakhov2014integration,
AUTHOR = "Dmitry Malakhov and Vladimir Serebryakov and Kirill Teymurazov and Oleg Shorin",
TITLE = "Интеграция библиографических данных в Linked Open Data (Semantic Integration of Bibliographic Records)",
BOOKTITLE = "RCDL'14",
PAGES = {35-41},
YEAR = {2014}, 
}


@inproceedings{bizer2008linked,
  title={Linked data on the web (LDOW2008)},
  author={Bizer, Christian and Heath, Tom and Idehen, Kingsley and Berners-Lee, Tim},
  booktitle={Proceedings of the 17th international conference on World Wide Web},
  pages={1265--1266},
  year={2008},
  organization={ACM}
}

@inproceedings{berners2006tabulator,
  title={Tabulator: Exploring and analyzing linked data on the semantic web},
  author={Berners-Lee, Tim and Chen, Yuhsin and Chilton, Lydia and Connolly, Dan and Dhanaraj, Ruth and Hollenbach, James and Lerer, Adam and Sheets, David},
  booktitle={Proceedings of the 3rd International Semantic Web User Interaction Workshop},
  volume={2006},
  year={2006},
  organization={Citeseer}
}

@book{auer2007dbpedia,
  title={Dbpedia: A nucleus for a web of open data},
  author={Auer, S{\"o}ren and Bizer, Christian and Kobilarov, Georgi and Lehmann, Jens and Cyganiak, Richard and Ives, Zachary},
  year={2007},
  publisher={Springer}
}

@article{becker2008dbpedia,
  title={DBpedia Mobile: A Location-Enabled Linked Data Browser.},
  author={Becker, Christian and Bizer, Christian},
  journal={LDOW},
  volume={369},
  year={2008}
}


@book{hartig2009executing,
  title={Executing SPARQL queries over the web of linked data},
  author={Hartig, Olaf and Bizer, Christian and Freytag, Johann-Christoph},
  year={2009},
  publisher={Springer}
}

@article{hausenblas2009exploiting,
  title={Exploiting linked data to build web applications},
  author={Hausenblas, Michael},
  journal={IEEE Internet Computing},
  number={4},
  pages={68--73},
  year={2009},
  publisher={IEEE}
}


@article{haase2009information,
  title={The information workbench interacting with the web of data},
  author={Haase, Peter and Eberhart, Andreas and Godelet, Sebastian and Math{\"a}{\ss}, Tobias and Tran, Thanh and Ladwig, G{\"u}nter and Wagner, Andreas},
  year={2009},
  publisher={Citeseer}
}


@inproceedings{hse2011info,
  title={The Information Workbench as a Self-Service Platform for Linked Data Applications.},
  author={Haase, Peter and Schmidt, Michael and Schwarte, Andreas},
  booktitle={COLD},
  year={2011},
  organization={Citeseer}
}

@inproceedings{suhonogov2004dev,
  title={Разработка русского WordNet},
  author={Сухоногов, АМ and Яблонский, СА},
  booktitle={Электронные библиотеки: перспективные методы и технологии, электронные коллекции//Тр. Шестой Всерос. науч. конф. RDCL},
  pages={113--117},
  year={2004}
}

@inproceedings{bollacker2008freebase,
  title={Freebase: a collaboratively created graph database for structuring human knowledge},
  author={Bollacker, Kurt and Evans, Colin and Paritosh, Praveen and Sturge, Tim and Taylor, Jamie},
  booktitle={Proceedings of the 2008 ACM SIGMOD international conference on Management of data},
  pages={1247--1250},
  year={2008},
  organization={ACM}
}

@article{vrandevcic2014wikidata,
  title={Wikidata: a free collaborative knowledgebase},
  author={Vrande{\v{c}}i{\'c}, Denny and Kr{\"o}tzsch, Markus},
  journal={Communications of the ACM},
  volume={57},
  number={10},
  pages={78--85},
  year={2014},
  publisher={ACM}
}

@article{vrandecic2013rise,
  title={The rise of Wikidata},
  author={Vrandecic, Denny},
  journal={IEEE Intelligent Systems},
  number={4},
  pages={90--95},
  year={2013},
  publisher={IEEE}
}

@incollection{patel2014analyzing,
  title={Analyzing schema. org},
  author={Patel-Schneider, Peter F},
  booktitle={The Semantic Web--ISWC 2014},
  pages={261--276},
  year={2014},
  publisher={Springer}
}

@article{barker2014learning,
  title={Learning Resource Metadata Initiative: using schema. org to describe open educational resources},
  author={Barker, Phil and Campbell, Lorna M},
  journal={Proceedings of OpenCourseWare Consortium Global},
  year={2014}
}

@article{ronallo2012html5,
  title={HTML5 Microdata and Schema. org},
  author={Ronallo, Jason},
  journal={Code4Lib Journal},
  volume={16},
  year={2012}
}

@article{ley2009dblp,
  title={DBLP: some lessons learned},
  author={Ley, Michael},
  journal={Proceedings of the VLDB Endowment},
  volume={2},
  number={2},
  pages={1493--1500},
  year={2009},
  publisher={VLDB Endowment}
}


@inproceedings{effendy2014relatedness,
  title={Relatedness measures between conferences in computer science: a preliminary study based on DBLP},
  author={Effendy, Suhendry and Jahja, Irvan and Yap, Roland HC},
  booktitle={Proceedings of the companion publication of the 23rd international conference on World wide web companion},
  pages={1215--1220},
  year={2014},
  organization={International World Wide Web Conferences Steering Committee}
}


@inproceedings{danskin2012tags,
  title={From Tags to Triples: The British National Bibliography as Linked Open Data},
  author={Danskin, Alan},
  booktitle={Seminar: Five Years On},
  year={2012}
}


@article{park2014organizing,
  title={Organizing and Sharing Information Using Linked Data},
  author={Park, Ziyoung and Kim, Heejung},
  journal={New Directions in Information Organization (Library and Information Science, Volume 7) Emerald Group Publishing Limited},
  volume={7},
  pages={61--87},
  year={2014}
}


@article{abel2013cross,
  title={Cross-system user modeling and personalization on the social web},
  author={Abel, Fabian and Herder, Eelco and Houben, Geert-Jan and Henze, Nicola and Krause, Daniel},
  journal={User Modeling and User-Adapted Interaction},
  volume={23},
  number={2-3},
  pages={169--209},
  year={2013},
  publisher={Springer}
}


@book{chel2013control,
  title={Контроль качества обучения при аттестации: компетентностный подход},
  author={Челышкова, Марина and Звонников, Виктор},
  year={2013},
  publisher={Litres}
}

@incollection{khalili2012slidewiki,
  title={SlideWiki: elicitation and sharing of corporate knowledge using presentations},
  author={Khalili, Ali and Auer, S{\"o}ren and Tarasowa, Darya and Ermilov, Ivan},
  booktitle={Knowledge Engineering and Knowledge Management},
  pages={302--316},
  year={2012},
  publisher={Springer}
}


@article{tarasowa2014crowd,
  title={Crowd-sourcing (semantically) Structured Multilingual Educational Content (CoSMEC)},
  author={Tarasowa, Darya and Auer, S{\"o}ren and Khalili, Ali and Unbehauen, J{\"o}rg},
  journal={Open Praxis},
  volume={6},
  number={2},
  pages={159--170},
  year={2014}
}

@article{jain2013ontology,
  title={Ontology development and query retrieval using prot{\'e}g{\'e} tool},
  author={Jain, Vishal and Singh, Mayank},
  journal={International Journal of Intelligent Systems and Applications (IJISA)},
  volume={5},
  number={9},
  pages={67},
  year={2013}
}


@article{mahnegar2012learning,
  title={Learning management system},
  author={Mahnegar, Farshad},
  journal={International Journal of Business and Social Science},
  volume={3},
  number={12},
  pages={144--150},
  year={2012},
  publisher={Centre for Promoting Ideas, USA}
}